@article{c1,
  title={Structural sources of robustness in biochemical reaction networks},
  author={Shinar, Guy and Feinberg, Martin},
  journal={Science},
  volume={327},
  number={5971},
  pages={1389--1391},
  year={2010},
  publisher={American Association for the Advancement of Science}
}